<?xml version="1.0" encoding="UTF-8"?>
<record xmlns="http://www.loc.gov/MARC21/slim" xmlns:xsi="http://www.w3.org/2001/XMLSchema-instance" xsi:schemaLocation="http://www.loc.gov/MARC21/slim http://www.loc.gov/standards/marcxml/schema/MARC21slim.xsd">
<leader>00000cam a22      a 4500</leader>
<controlfield tag="001">001974862</controlfield>
<controlfield tag="003">NNU</controlfield>
<controlfield tag="005">20150622161309.0</controlfield>
<controlfield tag="008">881025s1977    ir       b    001 0 ara d</controlfield>
<datafield tag="010" ind1=" " ind2=" ">
<subfield code="a">   90969894</subfield>
</datafield>
<datafield tag="035" ind1=" " ind2=" ">
<subfield code="a">(OCoLC)19013732</subfield>
<subfield code="z">(OCoLC)5234836</subfield>
<subfield code="z">(OCoLC)708715040</subfield>
</datafield>
<datafield tag="040" ind1=" " ind2=" ">
<subfield code="a">NYP</subfield>
<subfield code="b">eng</subfield>
<subfield code="c">NYP</subfield>
<subfield code="d">DLC</subfield>
<subfield code="d">OCLCG</subfield>
<subfield code="d">LGG</subfield>
<subfield code="d">EUM</subfield>
<subfield code="d">OCLCA</subfield>
<subfield code="d">YUS</subfield>
<subfield code="d">OCLCO</subfield>
<subfield code="d">OCLCA</subfield>
<subfield code="d">OCLCQ</subfield>
<subfield code="d">OCLCF</subfield>
<subfield code="d">OCLCO</subfield>
<subfield code="d">NNU</subfield>
</datafield>
<datafield tag="041" ind1="0" ind2=" ">
<subfield code="a">arapereng</subfield>
</datafield>
<datafield tag="050" ind1=" " ind2="4">
<subfield code="a">BP195.I8</subfield>
<subfield code="b">A2 1977</subfield>
</datafield>
<datafield tag="100" ind1="1" ind2=" ">
<subfield code="6">880-01</subfield>
<subfield code="a">Abū Ḥātim al-Rāzī, Aḥmad ibn Ḥamdān,</subfield>
<subfield code="d">-934?</subfield>
</datafield>
<datafield tag="245" ind1="1" ind2="0">
<subfield code="6">880-02</subfield>
<subfield code="a">Aʻlām al-nubūwah /</subfield>
<subfield code="c">Abū Ḥātim al-Rāzī ; taḥqīq va taṣḥīḥ va muqaddamah, Ṣalāḥ al-Ṣāvī, Ghulām Riz̤ā Aʻvānī ; muqaddamah-ʼi Ingilīsī, Ḥusayn Naṣr.</subfield>
</datafield>
<datafield tag="246" ind1="3" ind2=" ">
<subfield code="6">880-03</subfield>
<subfield code="a">Aʻlām al-nubuwwah</subfield>
</datafield>
<datafield tag="246" ind1="3" ind2=" ">
<subfield code="a">Peaks of prophecy</subfield>
</datafield>
<datafield tag="260" ind1=" " ind2=" ">
<subfield code="6">880-04</subfield>
<subfield code="a">Tehran :</subfield>
<subfield code="b">Anjuman-i Shāhanshāhī-i Falsafah-ʼi Īrān,</subfield>
<subfield code="c">1977.</subfield>
</datafield>
<datafield tag="300" ind1=" " ind2=" ">
<subfield code="a">30, 2, 353 pages ;</subfield>
<subfield code="c">24 cm.</subfield>
</datafield>
<datafield tag="336" ind1=" " ind2=" ">
<subfield code="a">text</subfield>
<subfield code="b">txt</subfield>
<subfield code="2">rdacontent</subfield>
</datafield>
<datafield tag="337" ind1=" " ind2=" ">
<subfield code="a">unmediated</subfield>
<subfield code="b">n</subfield>
<subfield code="2">rdamedia</subfield>
</datafield>
<datafield tag="338" ind1=" " ind2=" ">
<subfield code="a">volume</subfield>
<subfield code="b">nc</subfield>
<subfield code="2">rdacarrier</subfield>
</datafield>
<datafield tag="490" ind1="1" ind2=" ">
<subfield code="6">880-05</subfield>
<subfield code="a">Intishārāt-i Anjuman-i Shāhanshāhī-i Falsafah-ʼi Īrān ;</subfield>
<subfield code="v">shumārah-ʼi 33</subfield>
</datafield>
<datafield tag="490" ind1="1" ind2=" ">
<subfield code="6">880-06</subfield>
<subfield code="a">Majmūʻah-ʼi ās̲ār-i marbūṭ bih tafakkur-i Ismāʻīlī ;</subfield>
<subfield code="v">1</subfield>
</datafield>
<datafield tag="500" ind1=" " ind2=" ">
<subfield code="a">Title on added t.p.: Aʻlām al-nubuwwah = The peaks of prophecy.</subfield>
</datafield>
<datafield tag="500" ind1=" " ind2=" ">
<subfield code="a">Includes indexes.</subfield>
</datafield>
<datafield tag="504" ind1=" " ind2=" ">
<subfield code="a">Includes bibliographical references and indexes.</subfield>
</datafield>
<datafield tag="600" ind1="0" ind2="0">
<subfield code="6">880-07</subfield>
<subfield code="a">Muḥammad,</subfield>
<subfield code="c">Prophet,</subfield>
<subfield code="d">-632</subfield>
<subfield code="x">Prophetic office</subfield>
<subfield code="v">Early works to 1800.</subfield>
</datafield>
<datafield tag="600" ind1="0" ind2="4">
<subfield code="a">Muhammad,</subfield>
<subfield code="c">Prophet,</subfield>
<subfield code="d">-632</subfield>
<subfield code="x">Prophetic office</subfield>
<subfield code="v">Early works to 1800.</subfield>
</datafield>
<datafield tag="600" ind1="0" ind2="7">
<subfield code="a">Muḥammad,</subfield>
<subfield code="c">Prophet,</subfield>
<subfield code="d">-632.</subfield>
<subfield code="2">fast</subfield>
<subfield code="0">(OCoLC)fst01836298</subfield>
</datafield>
<datafield tag="650" ind1=" " ind2="7">
<subfield code="a">Messiah</subfield>
<subfield code="x">Prophecies.</subfield>
<subfield code="2">fast</subfield>
<subfield code="0">(OCoLC)fst01017428</subfield>
</datafield>
<datafield tag="655" ind1=" " ind2="7">
<subfield code="a">Early works.</subfield>
<subfield code="2">fast</subfield>
<subfield code="0">(OCoLC)fst01411636</subfield>
</datafield>
<datafield tag="700" ind1="1" ind2=" ">
<subfield code="6">880-08</subfield>
<subfield code="a">Ṣāwī, Ṣalāḥ.</subfield>
</datafield>
<datafield tag="700" ind1="1" ind2=" ">
<subfield code="a">Aʻvānī, Ghulām Riz̤ā</subfield>
<subfield code="6">880-09</subfield>
</datafield>
<datafield tag="700" ind1="1" ind2=" ">
<subfield code="a">Nasr, Seyyed Hossein</subfield>
<subfield code="6">880-10</subfield>
</datafield>
<datafield tag="776" ind1="0" ind2="8">
<subfield code="i">Online version:</subfield>
<subfield code="a">Abū Ḥātim al-Rāzī, Aḥmad ibn Ḥamdān, -934?</subfield>
<subfield code="t">Aʻlām al-nubūwah.</subfield>
<subfield code="d">Tehran : Anjuman-i Shāhanshāhī-i Falsafah-ʼi Īrān, 1977</subfield>
<subfield code="w">(OCoLC)613267537</subfield>
</datafield>
<datafield tag="880" ind1="1" ind2=" ">
<subfield code="6">100-01/</subfield>
<subfield code="a">‏أبو حاتم الرازي، أحمد بن حمدان،‏,</subfield>
<subfield code="d">-934?</subfield>
</datafield>
<datafield tag="880" ind1="1" ind2="0">
<subfield code="6">245-02/</subfield>
<subfield code="a">‏أعلام النبوة /‏</subfield>
<subfield code="c">‏ابو حاتم الرازى ؛ تحقيق وتصحيح ومقدمه صلاح الصاوى، غلامرضا اعوانى ؛ مقدمۀ انكليسى حسين نصر.</subfield>
</datafield>
<datafield tag="880" ind1="3" ind2=" ">
<subfield code="6">246-03/</subfield>
<subfield code="a">اعلام النبوة</subfield>
</datafield>
<datafield tag="880" ind1=" " ind2=" ">
<subfield code="6">260-04/</subfield>
<subfield code="a">طهران :</subfield>
<subfield code="b">انجمن شاهنشاهى فلسفۀ ايران،</subfield>
<subfield code="c">1977.</subfield>
</datafield>
<datafield tag="880" ind1="1" ind2=" ">
<subfield code="6">490-05/</subfield>
<subfield code="a">انتشارات انجمن شاهنشاهى فلسفه ايران ؛</subfield>
<subfield code="v">شمارۀ 33</subfield>
</datafield>
<datafield tag="880" ind1="1" ind2=" ">
<subfield code="6">490-06/</subfield>
<subfield code="a">مجموعۀ آثار مربوط به تفكر اسماعيلى ؛</subfield>
<subfield code="v">1</subfield>
</datafield>
<datafield tag="880" ind1="0" ind2="4">
<subfield code="6">600-07/</subfield>
<subfield code="a">محمد،</subfield>
<subfield code="c">Prophet,</subfield>
<subfield code="d">-632</subfield>
<subfield code="x">Prophetic office</subfield>
<subfield code="v">Early works to 1800.</subfield>
</datafield>
<datafield tag="880" ind1="1" ind2=" ">
<subfield code="6">700-08/</subfield>
<subfield code="a">‏صاوي، صلاح.</subfield>
</datafield>
<datafield tag="880" ind1="1" ind2=" ">
<subfield code="6">700-09/</subfield>
<subfield code="a">‏اعوانى، غلام رضا.</subfield>
</datafield>
<datafield tag="880" ind1="1" ind2=" ">
<subfield code="6">700-10/</subfield>
<subfield code="a">‏نصر، سيد حسين.</subfield>
</datafield>
<datafield tag="830" ind1=" " ind2="0">
<subfield code="a">Intishārāt-i Anjuman-i Shāhanshāhī-i Falsafah-ʼi Īrān</subfield>
<subfield code="6">880-11</subfield>
<subfield code="v">shumārah-ʼi 33.</subfield>
</datafield>
<datafield tag="880" ind1=" " ind2="0">
<subfield code="6">830-11/</subfield>
<subfield code="a">انتشارات انجمن شاهنشاهى فلسفه ايران ؛</subfield>
<subfield code="v">شمارۀ 33.</subfield>
</datafield>
<datafield tag="830" ind1=" " ind2="0">
<subfield code="6">880-12</subfield>
<subfield code="a">Majmūʻah-ʼi ās̲ār-i marbūṭ bih tafakkur-i Ismāʻīlī ;</subfield>
<subfield code="v">1.</subfield>
</datafield>
<datafield tag="880" ind1=" " ind2="0">
<subfield code="6">830-12/</subfield>
<subfield code="a">مجموعۀ آثار مربوط به تفكر اسماعيلى ؛</subfield>
<subfield code="v">1.</subfield>
</datafield>
<datafield tag="OWN" ind1=" " ind2=" ">
<subfield code="a">GENERAL</subfield>
</datafield>
<datafield tag="AVA" ind1=" " ind2=" ">
<subfield code="a">NYU50</subfield>
<subfield code="b">BOBST</subfield>
<subfield code="c">Main Collection</subfield>
<subfield code="d">BP166 .A238 1977</subfield>
<subfield code="e">unavailable</subfield>
<subfield code="t">Unavailable</subfield>
<subfield code="f">1</subfield>
<subfield code="g">1</subfield>
<subfield code="h">N</subfield>
<subfield code="i">1</subfield>
<subfield code="j">MAIN</subfield>
<subfield code="k">0</subfield>
</datafield>
</record>
